<?xml version="1.0" encoding="UTF-8"?><collection xmlns="http://www.loc.gov/MARC21/slim"><record><leader>00693nam--2200217-u-4500</leader><controlfield tag="001">000054186</controlfield><controlfield tag="002">20161230</controlfield><controlfield tag="005">20161230201051</controlfield><controlfield tag="008">110915s1000------------r-----000-0-eng-d</controlfield><datafield ind1=" " ind2=" " tag="020"><subfield code="a">0198564155</subfield></datafield><datafield ind1=" " ind2=" " tag="040"><subfield code="a">IFIN-HH</subfield></datafield><datafield ind1=" " ind2=" " tag="080"><subfield code="a">576.8.097:65.015(06)</subfield></datafield><datafield ind1="1" ind2=" " tag="100"><subfield code="a">Polak, Julia M</subfield></datafield><datafield ind1="1" ind2="0" tag="245"><subfield code="a">An introduction to immunocytochemistry: current techniques and problems</subfield><subfield code="b">Microscopy handbooks 11</subfield><subfield code="c">Julia m. polak, susan van noorden</subfield></datafield><datafield ind1=" " ind2=" " tag="250"><subfield code="a">Revised Edition</subfield></datafield><datafield ind1=" " ind2=" " tag="260"><subfield code="a">Oxford</subfield><subfield code="b">Oxford University Press</subfield><subfield code="c">1988</subfield></datafield><datafield ind1=" " ind2=" " tag="300"><subfield code="a">60P</subfield></datafield><datafield ind1=" " ind2=" " tag="490"><subfield code="a">Royal Microscopy Society Microscopy Handbooks 11</subfield></datafield><datafield ind1="1" ind2=" " tag="700"><subfield code="a">Noorden Susan Van</subfield></datafield><datafield ind1=" " ind2=" " tag="852"><subfield code="a">81205</subfield><subfield code="c">537.533.35</subfield></datafield><datafield ind1=" " ind2=" " tag="CAT"><subfield code="a">Sys</subfield><subfield code="c">20110915</subfield><subfield code="h">131259</subfield></datafield></record></collection>